%% This BibTeX bibliography file was created using BibDesk.
%% http://bibdesk.sourceforge.net/


%% Created for Seth Johnson at 2008-12-23 11:34:00 -0600 


%% Saved with string encoding Unicode (UTF-8) 



@article{War2004a,
	Author = {Warsa, J.S. and Wareing, T.A. and Morel, Jim E. and Mc{G}hee, J.M. and Lehoucq, R.B.},
	Date-Added = {2008-12-23 11:33:43 -0600},
	Date-Modified = {2008-12-23 11:33:43 -0600},
	Journal = {Nuclear Science and Engineering},
	Keywords = {Mathematics,SN},
	Pages = {26---42},
	Title = {Krylov Subspace Iterations for Deterministic {$k$}-Eigenvalue Calculations},
	Volume = {147},
	Year = {2004}}

@book{Lew1984,
	Author = {Lewis, E.E. and Miller, W.F.},
	Date-Added = {2008-06-15 17:02:46 -0600},
	Date-Modified = {2008-06-15 17:03:38 -0600},
	Publisher = {John Wiley and Sons, Inc., New York, NY},
	Title = {Computational Methods of Neutron Transport},
	Year = {1984}}

@unpublished{Lar2007,
	Author = {Larsen, Edward W.},
	Date-Added = {2007-12-19 08:09:33 -0500},
	Date-Modified = {2008-05-29 22:40:57 -0600},
	Keywords = {Reactor physics; Slowing down; Diffusion},
	Note = {Class notes for {NERS} 543 at the {U}niversity of {M}ichigan},
	Publisher = {University of Michigan},
	Title = {Advanced Nuclear Reactor Theory},
	Year = {2007},
	Annote = {Class notes: NERS 543}}
